%!TEX root = QuantumEntropy.tex
@article{Shannonentropy,
  title = {A Mathematical Theory of Communication},
  author = {Shannon, C. E.},
  journal = {Bell System Technical Journal},
  volume = {27},
  issue = {3},
  pages = {379--423},
  numpages = {11},
  year = {1948},
  month = {July},
  doi = {10.1002/j.1538-7305.1948.tb01338.x}
}
@inproceedings{renyientropy,
  title = {On measures of information and entropy},
  author = {Alfr{\'e}d R{\'e}nyi},
  booktitle = {Proceedings of the fourth Berkeley Symposium on Mathematics, Statistics and Probability  1960},
  year = {1961},
  pages = {547--561},
  url = {http://digitalassets.lib.berkeley.edu/math/ucb/text/math_s4_v1_article-27.pdf}
}
@article{ITSM.PhysRev.106.620,
  title = {Information Theory and Statistical Mechanics},
  author = {Jaynes, E. T.},
  journal = {Phys. Rev.},
  volume = {106},
  issue = {4},
  pages = {620--630},
  numpages = {11},
  year = {1957},
  month = {May},
  publisher = {American Physical Society},
  doi = {10.1103/PhysRev.106.620},
  url = {http://link.aps.org/doi/10.1103/PhysRev.106.620}
}
@article{ITSM2.PhysRev.108.171,
  title = {Information Theory and Statistical Mechanics. II},
  author = {Jaynes, E. T.},
  journal = {Phys. Rev.},
  volume = {108},
  issue = {2},
  pages = {171--190},
  numpages = {20},
  year = {1957},
  month = {Oct},
  publisher = {American Physical Society},
  doi = {10.1103/PhysRev.108.171},
  url = {http://link.aps.org/doi/10.1103/PhysRev.108.171}
}
@book{neumann1932mathematische,
  title={Mathematische Grundlagen der Quantenmechanik},
  author={Neumann, Johann},
  year={1932},
  publisher={Verlag von Julius Springer Berlin}
}
@article{noisecodeing.PhysRevA.51.2738,
  title = {Quantum coding},
  author = {Schumacher, Benjamin},
  journal = {Phys. Rev. A},
  volume = {51},
  issue = {4},
  pages = {2738--2747},
  numpages = {10},
  year = {1995},
  month = {Apr},
  publisher = {American Physical Society},
  doi = {10.1103/PhysRevA.51.2738},
  url = {http://link.aps.org/doi/10.1103/PhysRevA.51.2738}
}
@article{kullback1951information,
  title={On information and sufficiency},
  author={Kullback, Solomon and Leibler, Richard A},
  journal={The Annals of Mathematical Statistics},
  pages={79--86},
  year={1951},
  publisher={JSTOR}
}